<?xml version="1.0" encoding="UTF-8"?><record xmlns="http://www.loc.gov/MARC21/slim" xmlns:cinclude="http://apache.org/cocoon/include/1.0" xmlns:zs="http://www.loc.gov/zing/srw/">
  <leader>00460nz  a2200133n  4500</leader>
  <controlfield tag="001">n 2008047289</controlfield>
  <controlfield tag="003">DLC</controlfield>
  <controlfield tag="005">20080716075121.0</controlfield>
  <controlfield tag="008">080715n| acannaabn          |a aaa      </controlfield>
  <datafield tag="010" ind1=" " ind2=" ">
    <subfield code="a">n 2008047289</subfield>
  </datafield>
  <datafield tag="040" ind1=" " ind2=" ">
    <subfield code="a">DLC</subfield>
    <subfield code="b">eng</subfield>
    <subfield code="c">DLC</subfield>
  </datafield>
  <datafield tag="100" ind1="1" ind2=" ">
    <subfield code="a">Frolkin, N. P.</subfield>
    <subfield code="q">(Nikolaĭ Pavlovich)</subfield>
  </datafield>
  <datafield tag="400" ind1="1" ind2=" ">
    <subfield code="a">Frolkin, Nikolaĭ Pavlovich</subfield>
  </datafield>
  <datafield tag="670" ind1=" " ind2=" ">
    <subfield code="a">Vozbuzhdenie ugolovnogo dela v rossiĭskom ugolovnom prot︠s︡esse, 2007:</subfield>
    <subfield code="b">t.p. (N.P. Frolkin) colophon (Nikolaĭ Pavlovich Frolkin)</subfield>
  </datafield>
</record>